%YAML 1.1
%TAG !u! tag:unity3d.com,2011:
--- !u!1 &8640305675325581041
GameObject:
  m_ObjectHideFlags: 0
  m_CorrespondingSourceObject: {fileID: 0}
  m_PrefabInstance: {fileID: 0}
  m_PrefabAsset: {fileID: 0}
  serializedVersion: 6
  m_Component:
  - component: {fileID: 8640305675325581040}
  m_Layer: 0
  m_Name: Door_A
  m_TagString: Untagged
  m_Icon: {fileID: 0}
  m_NavMeshLayer: 0
  m_StaticEditorFlags: 4294967295
  m_IsActive: 1
--- !u!4 &8640305675325581040
Transform:
  m_ObjectHideFlags: 0
  m_CorrespondingSourceObject: {fileID: 0}
  m_PrefabInstance: {fileID: 0}
  m_PrefabAsset: {fileID: 0}
  m_GameObject: {fileID: 8640305675325581041}
  m_LocalRotation: {x: 0, y: 0, z: 0, w: 1}
  m_LocalPosition: {x: 0.68, y: 3.0772176, z: 2.17}
  m_LocalScale: {x: 1, y: 1, z: 1}
  m_Children:
  - {fileID: 8098089258997905895}
  - {fileID: 8098089260812803857}
  - {fileID: 8098089260227753900}
  - {fileID: 8098089260326558698}
  m_Father: {fileID: 0}
  m_RootOrder: 0
  m_LocalEulerAnglesHint: {x: 0, y: 0, z: 0}
--- !u!1001 &8640305674386569466
PrefabInstance:
  m_ObjectHideFlags: 0
  serializedVersion: 2
  m_Modification:
    m_TransformParent: {fileID: 8640305675325581040}
    m_Modifications:
    - target: {fileID: -8679921383154817045, guid: 3f1078e1eeaf5204c9ee1318055a1967,
        type: 3}
      propertyPath: m_LocalPosition.x
      value: 0.14763701
      objectReference: {fileID: 0}
    - target: {fileID: -8679921383154817045, guid: 3f1078e1eeaf5204c9ee1318055a1967,
        type: 3}
      propertyPath: m_LocalPosition.y
      value: 0.3327825
      objectReference: {fileID: 0}
    - target: {fileID: -8679921383154817045, guid: 3f1078e1eeaf5204c9ee1318055a1967,
        type: 3}
      propertyPath: m_LocalPosition.z
      value: -13.904226
      objectReference: {fileID: 0}
    - target: {fileID: -8679921383154817045, guid: 3f1078e1eeaf5204c9ee1318055a1967,
        type: 3}
      propertyPath: m_LocalRotation.x
      value: -0.5
      objectReference: {fileID: 0}
    - target: {fileID: -8679921383154817045, guid: 3f1078e1eeaf5204c9ee1318055a1967,
        type: 3}
      propertyPath: m_LocalRotation.y
      value: 0.5
      objectReference: {fileID: 0}
    - target: {fileID: -8679921383154817045, guid: 3f1078e1eeaf5204c9ee1318055a1967,
        type: 3}
      propertyPath: m_LocalRotation.z
      value: 0.5
      objectReference: {fileID: 0}
    - target: {fileID: -8679921383154817045, guid: 3f1078e1eeaf5204c9ee1318055a1967,
        type: 3}
      propertyPath: m_LocalRotation.w
      value: 0.5
      objectReference: {fileID: 0}
    - target: {fileID: -8679921383154817045, guid: 3f1078e1eeaf5204c9ee1318055a1967,
        type: 3}
      propertyPath: m_RootOrder
      value: 1
      objectReference: {fileID: 0}
    - target: {fileID: -8679921383154817045, guid: 3f1078e1eeaf5204c9ee1318055a1967,
        type: 3}
      propertyPath: m_LocalEulerAnglesHint.x
      value: -90.00001
      objectReference: {fileID: 0}
    - target: {fileID: -8679921383154817045, guid: 3f1078e1eeaf5204c9ee1318055a1967,
        type: 3}
      propertyPath: m_LocalEulerAnglesHint.y
      value: 90
      objectReference: {fileID: 0}
    - target: {fileID: -8679921383154817045, guid: 3f1078e1eeaf5204c9ee1318055a1967,
        type: 3}
      propertyPath: m_LocalEulerAnglesHint.z
      value: 0
      objectReference: {fileID: 0}
    - target: {fileID: 919132149155446097, guid: 3f1078e1eeaf5204c9ee1318055a1967,
        type: 3}
      propertyPath: m_Name
      value: Door_03
      objectReference: {fileID: 0}
    - target: {fileID: 919132149155446097, guid: 3f1078e1eeaf5204c9ee1318055a1967,
        type: 3}
      propertyPath: m_StaticEditorFlags
      value: 4294967295
      objectReference: {fileID: 0}
    m_RemovedComponents: []
  m_SourcePrefab: {fileID: 100100000, guid: 3f1078e1eeaf5204c9ee1318055a1967, type: 3}
--- !u!4 &8098089260812803857 stripped
Transform:
  m_CorrespondingSourceObject: {fileID: -8679921383154817045, guid: 3f1078e1eeaf5204c9ee1318055a1967,
    type: 3}
  m_PrefabInstance: {fileID: 8640305674386569466}
  m_PrefabAsset: {fileID: 0}
--- !u!1001 &8640305674906434561
PrefabInstance:
  m_ObjectHideFlags: 0
  serializedVersion: 2
  m_Modification:
    m_TransformParent: {fileID: 8640305675325581040}
    m_Modifications:
    - target: {fileID: -8679921383154817045, guid: 1e4aad241a06d334691b19aecb65fd0a,
        type: 3}
      propertyPath: m_LocalPosition.x
      value: 0.13763702
      objectReference: {fileID: 0}
    - target: {fileID: -8679921383154817045, guid: 1e4aad241a06d334691b19aecb65fd0a,
        type: 3}
      propertyPath: m_LocalPosition.y
      value: 0.32278252
      objectReference: {fileID: 0}
    - target: {fileID: -8679921383154817045, guid: 1e4aad241a06d334691b19aecb65fd0a,
        type: 3}
      propertyPath: m_LocalPosition.z
      value: -13.924226
      objectReference: {fileID: 0}
    - target: {fileID: -8679921383154817045, guid: 1e4aad241a06d334691b19aecb65fd0a,
        type: 3}
      propertyPath: m_LocalRotation.x
      value: -0.5
      objectReference: {fileID: 0}
    - target: {fileID: -8679921383154817045, guid: 1e4aad241a06d334691b19aecb65fd0a,
        type: 3}
      propertyPath: m_LocalRotation.y
      value: 0.5
      objectReference: {fileID: 0}
    - target: {fileID: -8679921383154817045, guid: 1e4aad241a06d334691b19aecb65fd0a,
        type: 3}
      propertyPath: m_LocalRotation.z
      value: 0.5
      objectReference: {fileID: 0}
    - target: {fileID: -8679921383154817045, guid: 1e4aad241a06d334691b19aecb65fd0a,
        type: 3}
      propertyPath: m_LocalRotation.w
      value: 0.5
      objectReference: {fileID: 0}
    - target: {fileID: -8679921383154817045, guid: 1e4aad241a06d334691b19aecb65fd0a,
        type: 3}
      propertyPath: m_RootOrder
      value: 3
      objectReference: {fileID: 0}
    - target: {fileID: -8679921383154817045, guid: 1e4aad241a06d334691b19aecb65fd0a,
        type: 3}
      propertyPath: m_LocalEulerAnglesHint.x
      value: -90.00001
      objectReference: {fileID: 0}
    - target: {fileID: -8679921383154817045, guid: 1e4aad241a06d334691b19aecb65fd0a,
        type: 3}
      propertyPath: m_LocalEulerAnglesHint.y
      value: 90
      objectReference: {fileID: 0}
    - target: {fileID: -8679921383154817045, guid: 1e4aad241a06d334691b19aecb65fd0a,
        type: 3}
      propertyPath: m_LocalEulerAnglesHint.z
      value: 0
      objectReference: {fileID: 0}
    - target: {fileID: 919132149155446097, guid: 1e4aad241a06d334691b19aecb65fd0a,
        type: 3}
      propertyPath: m_Name
      value: Door_02
      objectReference: {fileID: 0}
    - target: {fileID: 919132149155446097, guid: 1e4aad241a06d334691b19aecb65fd0a,
        type: 3}
      propertyPath: m_StaticEditorFlags
      value: 4294967295
      objectReference: {fileID: 0}
    m_RemovedComponents: []
  m_SourcePrefab: {fileID: 100100000, guid: 1e4aad241a06d334691b19aecb65fd0a, type: 3}
--- !u!4 &8098089260326558698 stripped
Transform:
  m_CorrespondingSourceObject: {fileID: -8679921383154817045, guid: 1e4aad241a06d334691b19aecb65fd0a,
    type: 3}
  m_PrefabInstance: {fileID: 8640305674906434561}
  m_PrefabAsset: {fileID: 0}
--- !u!1001 &8640305675013623879
PrefabInstance:
  m_ObjectHideFlags: 0
  serializedVersion: 2
  m_Modification:
    m_TransformParent: {fileID: 8640305675325581040}
    m_Modifications:
    - target: {fileID: -8679921383154817045, guid: 5935ca178dbf2bc4b860762c93ad9550,
        type: 3}
      propertyPath: m_LocalPosition.x
      value: 0.157637
      objectReference: {fileID: 0}
    - target: {fileID: -8679921383154817045, guid: 5935ca178dbf2bc4b860762c93ad9550,
        type: 3}
      propertyPath: m_LocalPosition.y
      value: -1.9591625
      objectReference: {fileID: 0}
    - target: {fileID: -8679921383154817045, guid: 5935ca178dbf2bc4b860762c93ad9550,
        type: 3}
      propertyPath: m_LocalPosition.z
      value: -13.9542265
      objectReference: {fileID: 0}
    - target: {fileID: -8679921383154817045, guid: 5935ca178dbf2bc4b860762c93ad9550,
        type: 3}
      propertyPath: m_LocalRotation.x
      value: -0.5
      objectReference: {fileID: 0}
    - target: {fileID: -8679921383154817045, guid: 5935ca178dbf2bc4b860762c93ad9550,
        type: 3}
      propertyPath: m_LocalRotation.y
      value: 0.5
      objectReference: {fileID: 0}
    - target: {fileID: -8679921383154817045, guid: 5935ca178dbf2bc4b860762c93ad9550,
        type: 3}
      propertyPath: m_LocalRotation.z
      value: 0.5
      objectReference: {fileID: 0}
    - target: {fileID: -8679921383154817045, guid: 5935ca178dbf2bc4b860762c93ad9550,
        type: 3}
      propertyPath: m_LocalRotation.w
      value: 0.5
      objectReference: {fileID: 0}
    - target: {fileID: -8679921383154817045, guid: 5935ca178dbf2bc4b860762c93ad9550,
        type: 3}
      propertyPath: m_RootOrder
      value: 2
      objectReference: {fileID: 0}
    - target: {fileID: -8679921383154817045, guid: 5935ca178dbf2bc4b860762c93ad9550,
        type: 3}
      propertyPath: m_LocalEulerAnglesHint.x
      value: -90.00001
      objectReference: {fileID: 0}
    - target: {fileID: -8679921383154817045, guid: 5935ca178dbf2bc4b860762c93ad9550,
        type: 3}
      propertyPath: m_LocalEulerAnglesHint.y
      value: 90
      objectReference: {fileID: 0}
    - target: {fileID: -8679921383154817045, guid: 5935ca178dbf2bc4b860762c93ad9550,
        type: 3}
      propertyPath: m_LocalEulerAnglesHint.z
      value: 0
      objectReference: {fileID: 0}
    - target: {fileID: 919132149155446097, guid: 5935ca178dbf2bc4b860762c93ad9550,
        type: 3}
      propertyPath: m_Name
      value: Door_01
      objectReference: {fileID: 0}
    - target: {fileID: 919132149155446097, guid: 5935ca178dbf2bc4b860762c93ad9550,
        type: 3}
      propertyPath: m_StaticEditorFlags
      value: 4294967295
      objectReference: {fileID: 0}
    m_RemovedComponents: []
  m_SourcePrefab: {fileID: 100100000, guid: 5935ca178dbf2bc4b860762c93ad9550, type: 3}
--- !u!4 &8098089260227753900 stripped
Transform:
  m_CorrespondingSourceObject: {fileID: -8679921383154817045, guid: 5935ca178dbf2bc4b860762c93ad9550,
    type: 3}
  m_PrefabInstance: {fileID: 8640305675013623879}
  m_PrefabAsset: {fileID: 0}
--- !u!1001 &8640305676243213836
PrefabInstance:
  m_ObjectHideFlags: 0
  serializedVersion: 2
  m_Modification:
    m_TransformParent: {fileID: 8640305675325581040}
    m_Modifications:
    - target: {fileID: -8679921383154817045, guid: 6a72a375fb863ea4ebb77b072e11ba9c,
        type: 3}
      propertyPath: m_LocalPosition.x
      value: 0.157637
      objectReference: {fileID: 0}
    - target: {fileID: -8679921383154817045, guid: 6a72a375fb863ea4ebb77b072e11ba9c,
        type: 3}
      propertyPath: m_LocalPosition.y
      value: 0.3427825
      objectReference: {fileID: 0}
    - target: {fileID: -8679921383154817045, guid: 6a72a375fb863ea4ebb77b072e11ba9c,
        type: 3}
      propertyPath: m_LocalPosition.z
      value: -14.034226
      objectReference: {fileID: 0}
    - target: {fileID: -8679921383154817045, guid: 6a72a375fb863ea4ebb77b072e11ba9c,
        type: 3}
      propertyPath: m_LocalRotation.x
      value: -0.5
      objectReference: {fileID: 0}
    - target: {fileID: -8679921383154817045, guid: 6a72a375fb863ea4ebb77b072e11ba9c,
        type: 3}
      propertyPath: m_LocalRotation.y
      value: 0.5
      objectReference: {fileID: 0}
    - target: {fileID: -8679921383154817045, guid: 6a72a375fb863ea4ebb77b072e11ba9c,
        type: 3}
      propertyPath: m_LocalRotation.z
      value: 0.5
      objectReference: {fileID: 0}
    - target: {fileID: -8679921383154817045, guid: 6a72a375fb863ea4ebb77b072e11ba9c,
        type: 3}
      propertyPath: m_LocalRotation.w
      value: 0.5
      objectReference: {fileID: 0}
    - target: {fileID: -8679921383154817045, guid: 6a72a375fb863ea4ebb77b072e11ba9c,
        type: 3}
      propertyPath: m_RootOrder
      value: 0
      objectReference: {fileID: 0}
    - target: {fileID: -8679921383154817045, guid: 6a72a375fb863ea4ebb77b072e11ba9c,
        type: 3}
      propertyPath: m_LocalEulerAnglesHint.x
      value: -90.00001
      objectReference: {fileID: 0}
    - target: {fileID: -8679921383154817045, guid: 6a72a375fb863ea4ebb77b072e11ba9c,
        type: 3}
      propertyPath: m_LocalEulerAnglesHint.y
      value: 90
      objectReference: {fileID: 0}
    - target: {fileID: -8679921383154817045, guid: 6a72a375fb863ea4ebb77b072e11ba9c,
        type: 3}
      propertyPath: m_LocalEulerAnglesHint.z
      value: 0
      objectReference: {fileID: 0}
    - target: {fileID: 919132149155446097, guid: 6a72a375fb863ea4ebb77b072e11ba9c,
        type: 3}
      propertyPath: m_Name
      value: Door_04
      objectReference: {fileID: 0}
    - target: {fileID: 919132149155446097, guid: 6a72a375fb863ea4ebb77b072e11ba9c,
        type: 3}
      propertyPath: m_StaticEditorFlags
      value: 4294967295
      objectReference: {fileID: 0}
    m_RemovedComponents: []
  m_SourcePrefab: {fileID: 100100000, guid: 6a72a375fb863ea4ebb77b072e11ba9c, type: 3}
--- !u!4 &8098089258997905895 stripped
Transform:
  m_CorrespondingSourceObject: {fileID: -8679921383154817045, guid: 6a72a375fb863ea4ebb77b072e11ba9c,
    type: 3}
  m_PrefabInstance: {fileID: 8640305676243213836}
  m_PrefabAsset: {fileID: 0}
